<record><leader>00000cas a2200000 a 4500</leader><controlfield tag="001">10541233</controlfield><controlfield tag="008">840320d18011829njuwr ne      0   a0eng  </controlfield><datafield ind1=" " ind2=" " tag="010"><subfield code="a">sn 84026655 </subfield></datafield><datafield ind1=" " ind2=" " tag="040"><subfield code="a">NPU</subfield><subfield code="b">eng</subfield><subfield code="c">NPU</subfield><subfield code="d">DLC</subfield><subfield code="d">NPX</subfield><subfield code="d">NPA</subfield><subfield code="d">NJW</subfield><subfield code="d">DLC</subfield><subfield code="d">KNP</subfield><subfield code="d">CNK</subfield><subfield code="d">DLC</subfield><subfield code="d">OCL</subfield><subfield code="d">OCLCQ</subfield><subfield code="d">KRTAS</subfield><subfield code="d">DLC</subfield><subfield code="d">OCLCQ</subfield><subfield code="d">HUL</subfield><subfield code="d">OCLCF</subfield><subfield code="d">HUL</subfield><subfield code="d">OCLCO</subfield></datafield><datafield ind1=" " ind2=" " tag="012"><subfield code="l">1</subfield></datafield><datafield ind1="0" ind2=" " tag="022"><subfield code="a">2325-5722</subfield><subfield code="l">2325-5722</subfield><subfield code="2">1</subfield></datafield><datafield ind1="1" ind2=" " tag="029"><subfield code="a">AU@</subfield><subfield code="b">000026223427</subfield></datafield><datafield ind1=" " ind2=" " tag="042"><subfield code="a">pcc</subfield><subfield code="a">nsdp</subfield></datafield><datafield ind1=" " ind2=" " tag="043"><subfield code="a">n-us-nj</subfield></datafield><datafield ind1="0" ind2="0" tag="050"><subfield code="a">Newspaper</subfield></datafield><datafield ind1="0" ind2="0" tag="082"><subfield code="a">051</subfield><subfield code="2">23</subfield></datafield><datafield ind1="0" ind2=" " tag="130"><subfield code="a">True American (Trenton, N.J. : 1801)</subfield></datafield><datafield ind1=" " ind2="0" tag="222"><subfield code="a">True American</subfield><subfield code="b">(Trenton, N.J. : 1801)</subfield></datafield><datafield ind1="1" ind2="4" tag="245"><subfield code="a">The true American.</subfield></datafield><datafield ind1=" " ind2=" " tag="260"><subfield code="a">Trenton, N.J. :</subfield><subfield code="b">Matthias Day and Jacob Mann,</subfield><subfield code="c">1801-1829.</subfield></datafield><datafield ind1=" " ind2=" " tag="300"><subfield code="a">v.</subfield></datafield><datafield ind1=" " ind2=" " tag="310"><subfield code="a">Weekly,</subfield><subfield code="b">&lt;Sept. 20, 1828&gt;-1829</subfield></datafield><datafield ind1=" " ind2=" " tag="321"><subfield code="a">Weekly,</subfield><subfield code="b">1801-Oct. 27, 1827</subfield></datafield><datafield ind1=" " ind2=" " tag="321"><subfield code="a">Semiweekly,</subfield><subfield code="b">Oct. 31, 1827-&lt;Aug. 30, 1828&gt;</subfield></datafield><datafield ind1="0" ind2=" " tag="362"><subfield code="a">Vol. 1, no. 1 (Mar. 10, 1801)-v. 29, no. 1522 (June 27, 1829).</subfield></datafield><datafield ind1=" " ind2=" " tag="500"><subfield code="a">Publishers: Matthias Day and Jacob Mann, 1801; Day, Mann, and Wilson, 1801; Jacob Mann and James J. Wilson, 1801-1802; Wilson &amp; Blackwell, 1802-1804; James J. Wilson, 1804-1805; Wilson &amp; Halsey, 1805-1808; James J. Wilson, 1808-1824; Allan N. Wilson, &lt;1824&gt;; William L. Prall, &lt;1827-1828&gt;.</subfield></datafield><datafield ind1=" " ind2=" " tag="530"><subfield code="a">Also issued on microfilm by the Rutgers University Libraries.</subfield></datafield><datafield ind1=" " ind2="0" tag="651"><subfield code="a">Trenton (N.J.)</subfield><subfield code="v">Newspapers.</subfield></datafield><datafield ind1=" " ind2="7" tag="651"><subfield code="a">New Jersey</subfield><subfield code="z">Trenton.</subfield><subfield code="2">fast</subfield><subfield code="0">(OCoLC)fst01207908</subfield></datafield><datafield ind1=" " ind2="7" tag="655"><subfield code="a">Newspapers.</subfield><subfield code="2">fast</subfield><subfield code="0">(OCoLC)fst01423814</subfield></datafield><datafield ind1=" " ind2=" " tag="752"><subfield code="a">United States</subfield><subfield code="b">New Jersey</subfield><subfield code="c">Mercer</subfield><subfield code="d">Trenton.</subfield></datafield><datafield ind1="0" ind2="7" tag="785"><subfield code="t">Trenton Federalist</subfield><subfield code="x">2326-4357</subfield><subfield code="w">(DLC)sn 84026654</subfield><subfield code="w">(OCoLC)10541513</subfield></datafield><datafield ind1="0" ind2="7" tag="785"><subfield code="t">New-Jersey State gazette (Trenton, N.J. : 1829)</subfield><subfield code="x">2332-919X</subfield><subfield code="w">(DLC)sn 84026297</subfield><subfield code="w">(OCoLC)10376946</subfield></datafield><datafield ind1=" " ind2=" " tag="938"><subfield code="a">Kirtas Technologies, Inc.</subfield><subfield code="b">KRTS</subfield><subfield code="n">738303</subfield></datafield></record>